@inbook{NSAbook,
	title={Linear Programming},
	author={Vašek Chvátal},
	isbn={978-0-7167-1587-0},
	series={Series of books in the mathematical sciences},
	year={2002},
	edition={16},
	pages={291 ff.},
	publisher={W. H. Freeman},
}

@inbook{LP&NF2010,
    title = {Linear Programming and Network Flows},
    author = {Mokhtar S. Bazaraa and John J. Jarvis and Hanif D. Sherali},
    address = {Hoboken, New Jersey},
    publisher = {John Wiley \& Sons, Inc.},
    year = {2010},
    edition={4},
    isbn ={978-0-470-46272-0},
    pages={453 ff.},
}

@book{Alma,
	title={Algorithmische Mathematik},
	author={Stefan Hougardy and Jens Vygen},
	publisher={Springer Spektrum},
	year={2015},
	address={Berlin/Heidelberg},
	isbn={978-3-662-47013-8},
	series={Springer-Lehrbuch},
}

@Article{Exponential,
	author={Norman Zadeh},
	title={A bad network problem for the simplex method and other minimum cost flow algorithms},
	journal={Mathematical Programming},
	year={1973},
	volume={5},
	number={1},
	pages={255--266},
	issn={1436-4646},
	doi={10.1007/BF01580132},
}

@incollection{erf1,
	author={G. B. Dantzig},
	title={Application of the simplex method to a transportation problem},
	editor={T. C. Koopmans},
	booktitle={Activity Analysis of Production and Allocation},
	publisher={Wiley},
	address={New~York},
	year={1951},
	chapter={XXIII},
	pages={359--373},
}

@article{erf2,
	ISSN = {00251909, 15265501},
	URL = {http://www.jstor.org/stable/2627138},
	author = {Alex Orden},
	journal = {Management Science},
	number = {3},
	pages = {276--285},
	publisher = {INFORMS},
	title = {The Transhipment Problem},
	volume = {2},
	year = {1956}
}

@Article{cycling,
	author={W. H. Cunningham},
	title={A network simplex method},
	journal={Mathematical Programming},
	year={1976},
	volume={11},
	number={1},
	pages={105--116},
	issn={1436-4646},
	doi={10.1007/BF01580379}
}

@book{STL,
    title = {Effective STL: 50 Specific Ways to Improve Your Use of the Standard Template Library},
    author = {Scott Meyers}, 
    publisher = {Addison-Wesley Professional},
    year = {2001},
    edition = {1},
    isbn ={978-0-201-74962-5},
}

@book{GNA,
    title = {Graphs, Networks and Algorithms},
    series = {Algorithms and Computation in Mathematics},
    number = {5},
    author = {Dieter Jungnickel}, 
    address = {Heidelberg u.\,a.},
    publisher = {Springer},
    year = {2013},
    edition = {4},
    isbn ={978-3-642-32277-8},
    lccn = {2013/25126},
}

@article{Roglin,
    author    = {Tobias Brunsch and
    Kamiel Cornelissen and
    Bodo Manthey and
    Heiko R{\"{o}}glin and
    Clemens R{\"{o}}sner},
    title     = {Smoothed Analysis of the Successive Shortest Path Algorithm},
    journal   = {CoRR},
    volume    = {abs/1501.05493},
    year      = {2015},
    url       = {http://arxiv.org/abs/1501.05493},
    archivePrefix = {arXiv},
    eprint    = {1501.05493},
}

@misc{betreuer,
    author = {Xianghui Zhong},
    year = {2018},
    howpublished = {Persönliche Mitteilung}
}




